<record><leader>00000cas a22000007a 4500</leader><controlfield tag="001">12118135</controlfield><controlfield tag="008">850605d18uu1940ohuwr ne      0    0eng d</controlfield><datafield ind1=" " ind2=" " tag="010"><subfield code="a">sn 85026253 </subfield></datafield><datafield ind1=" " ind2=" " tag="040"><subfield code="a">NPX</subfield><subfield code="b">eng</subfield><subfield code="c">NPX</subfield><subfield code="d">NPU</subfield><subfield code="d">ONP</subfield><subfield code="d">OCLCQ</subfield></datafield><datafield ind1=" " ind2=" " tag="042"><subfield code="a">msc</subfield></datafield><datafield ind1="0" ind2=" " tag="130"><subfield code="a">Shelby County Democrat (Sidney, Ohio : 1866)</subfield></datafield><datafield ind1="1" ind2="4" tag="245"><subfield code="a">The Shelby County Democrat.</subfield></datafield><datafield ind1=" " ind2=" " tag="260"><subfield code="a">Sidney, Ohio :</subfield><subfield code="b">McGonagle &amp; Lewis</subfield></datafield><datafield ind1=" " ind2=" " tag="300"><subfield code="a">v. :</subfield><subfield code="b">ill. (chiefly advertisements) ;</subfield><subfield code="c">64 cm.</subfield></datafield><datafield ind1=" " ind2=" " tag="310"><subfield code="a">Weekly</subfield></datafield><datafield ind1="1" ind2=" " tag="362"><subfield code="a">Ceased with June 28, 1940 issue.</subfield><subfield code="z">Cf. Gutgesell, S. Guide to Ohio newspapers, 1974.</subfield></datafield><datafield ind1=" " ind2=" " tag="500"><subfield code="a">Editor: James O. Amos, &lt;1876&gt;.</subfield></datafield><datafield ind1=" " ind2=" " tag="500"><subfield code="a">"Democratic," &lt;1876&gt;.</subfield></datafield><datafield ind1=" " ind2=" " tag="500"><subfield code="a">Motto: "Obey the laws and support the constitution of the United States -- The dying words of Stephen A. Douglas to his children."</subfield></datafield><datafield ind1=" " ind2=" " tag="500"><subfield code="a">Published on Friday.</subfield></datafield><datafield ind1=" " ind2=" " tag="580"><subfield code="a">Daily ed.: Sidney daily news.</subfield></datafield><datafield ind1=" " ind2=" " tag="588"><subfield code="a">Description based on: Vol. 17, no. 34 (Aug. 24, 1866).</subfield></datafield><datafield ind1=" " ind2=" " tag="752"><subfield code="a">United States</subfield><subfield code="b">Ohio</subfield><subfield code="c">Shelby</subfield><subfield code="d">Sidney.</subfield></datafield><datafield ind1="1" ind2=" " tag="775"><subfield code="t">Sidney daily news</subfield><subfield code="w">(DLC)sn 88077292</subfield></datafield><datafield ind1="0" ind2="0" tag="780"><subfield code="t">Shelby Democrat (Sidney, Ohio)</subfield><subfield code="w">(DLC)sn 85026254</subfield></datafield><datafield ind1="1" ind2=" " tag="029"><subfield code="a">AU@</subfield><subfield code="b">000025827610</subfield></datafield></record>